[gd_scene load_steps=18 format=3 uid="uid://g7ayr7v4c634"]

[ext_resource type="Script" path="res://enemy/HidingEnemy.gd" id="1_0xft3"]
[ext_resource type="Texture2D" uid="uid://b3qu6uja7se0f" path="res://assets/art/enemy.png" id="2_5ynse"]
[ext_resource type="Script" path="res://enemy/HidingEnemyStateMachine.gd" id="3_1rnue"]
[ext_resource type="Script" path="res://enemy/HidingEnemySprite.gd" id="3_cbyh0"]
[ext_resource type="Script" path="res://enemy/HidingEnemyFearState.gd" id="4_cee3v"]
[ext_resource type="Script" path="res://enemy/HidingEnemyIdleState.gd" id="4_s0hil"]
[ext_resource type="Script" path="res://enemy/HidingEnemyFleeState.gd" id="6_yp3a7"]
[ext_resource type="Script" path="res://enemy/HidingEnemySearchState.gd" id="7_wb4xq"]
[ext_resource type="Script" path="res://enemy/HidingEnemyDeathState.gd" id="8_dya8s"]

[sub_resource type="Animation" id="Animation_w8ogk"]
length = 0.001
tracks/0/type = "value"
tracks/0/imported = false
tracks/0/enabled = true
tracks/0/path = NodePath("HidingEnemySprite:frame")
tracks/0/interp = 1
tracks/0/loop_wrap = true
tracks/0/keys = {
"times": PackedFloat32Array(0),
"transitions": PackedFloat32Array(1),
"update": 1,
"values": [24]
}

[sub_resource type="Animation" id="Animation_dr1v7"]
resource_name = "death"
length = 2.0
tracks/0/type = "value"
tracks/0/imported = false
tracks/0/enabled = true
tracks/0/path = NodePath("HidingEnemySprite:frame")
tracks/0/interp = 1
tracks/0/loop_wrap = true
tracks/0/keys = {
"times": PackedFloat32Array(0, 0.1, 0.2, 0.3, 0.4, 0.5, 0.6, 0.7, 0.8, 0.9, 1, 1.1),
"transitions": PackedFloat32Array(1, 1, 1, 1, 1, 1, 1, 1, 1, 1, 1, 1),
"update": 1,
"values": [12, 13, 14, 15, 16, 17, 18, 19, 20, 21, 22, 23]
}
tracks/1/type = "method"
tracks/1/imported = false
tracks/1/enabled = true
tracks/1/path = NodePath(".")
tracks/1/interp = 1
tracks/1/loop_wrap = true
tracks/1/keys = {
"times": PackedFloat32Array(0, 2),
"transitions": PackedFloat32Array(1, 1),
"values": [{
"args": [],
"method": &"broadcast_death"
}, {
"args": [],
"method": &"queue_free"
}]
}

[sub_resource type="Animation" id="Animation_68qib"]
resource_name = "fear"
length = 1.2
tracks/0/type = "value"
tracks/0/imported = false
tracks/0/enabled = true
tracks/0/path = NodePath("HidingEnemySprite:frame")
tracks/0/interp = 1
tracks/0/loop_wrap = true
tracks/0/keys = {
"times": PackedFloat32Array(0, 0.1, 0.2, 0.3, 0.4, 0.5, 0.6, 0.7, 0.8, 0.9, 1, 1.1),
"transitions": PackedFloat32Array(1, 1, 1, 1, 1, 1, 1, 1, 1, 1, 1, 1),
"update": 1,
"values": [66, 67, 68, 69, 70, 71, 72, 73, 74, 75, 76, 77]
}
tracks/1/type = "method"
tracks/1/imported = false
tracks/1/enabled = true
tracks/1/path = NodePath(".")
tracks/1/interp = 1
tracks/1/loop_wrap = true
tracks/1/keys = {
"times": PackedFloat32Array(1.2),
"transitions": PackedFloat32Array(1),
"values": [{
"args": [],
"method": &"_flee"
}]
}

[sub_resource type="Animation" id="Animation_8q00g"]
resource_name = "flee"
length = 1.2
tracks/0/type = "value"
tracks/0/imported = false
tracks/0/enabled = true
tracks/0/path = NodePath("HidingEnemySprite:frame")
tracks/0/interp = 1
tracks/0/loop_wrap = true
tracks/0/keys = {
"times": PackedFloat32Array(0, 0.1, 0.2, 0.3, 0.4, 0.5, 0.6, 0.7, 0.8, 0.9, 1, 1.1),
"transitions": PackedFloat32Array(1, 1, 1, 1, 1, 1, 1, 1, 1, 1, 1, 1),
"update": 1,
"values": [36, 37, 38, 39, 40, 41, 42, 43, 44, 45, 46, 47]
}

[sub_resource type="Animation" id="Animation_tx84a"]
resource_name = "idle"
length = 1.2
tracks/0/type = "value"
tracks/0/imported = false
tracks/0/enabled = true
tracks/0/path = NodePath("HidingEnemySprite:frame")
tracks/0/interp = 1
tracks/0/loop_wrap = true
tracks/0/keys = {
"times": PackedFloat32Array(0, 0.1, 0.2, 0.3, 0.4, 0.5, 0.6, 0.7, 0.8, 0.9, 1),
"transitions": PackedFloat32Array(1, 1, 1, 1, 1, 1, 1, 1, 1, 1, 1),
"update": 1,
"values": [24, 25, 26, 27, 28, 29, 30, 31, 32, 33, 35]
}

[sub_resource type="Animation" id="Animation_tmjyp"]
resource_name = "search"
length = 1.2
tracks/0/type = "value"
tracks/0/imported = false
tracks/0/enabled = true
tracks/0/path = NodePath("HidingEnemySprite:frame")
tracks/0/interp = 1
tracks/0/loop_wrap = true
tracks/0/keys = {
"times": PackedFloat32Array(0, 0.1, 0.2, 0.3, 0.4, 0.5, 0.6, 0.7, 0.8, 0.9, 1),
"transitions": PackedFloat32Array(1, 1, 1, 1, 1, 1, 1, 1, 1, 1, 1),
"update": 1,
"values": [24, 25, 26, 27, 28, 29, 30, 31, 32, 33, 34]
}

[sub_resource type="AnimationLibrary" id="AnimationLibrary_s7p1p"]
_data = {
"RESET": SubResource("Animation_w8ogk"),
"death": SubResource("Animation_dr1v7"),
"fear": SubResource("Animation_68qib"),
"flee": SubResource("Animation_8q00g"),
"idle": SubResource("Animation_tx84a"),
"search": SubResource("Animation_tmjyp")
}

[sub_resource type="CapsuleShape2D" id="CapsuleShape2D_5eug2"]
height = 38.0

[node name="HidingEnemy" type="CharacterBody2D"]
collision_layer = 2
collision_mask = 7
script = ExtResource("1_0xft3")

[node name="HidingEnemySprite" type="Sprite2D" parent="."]
texture = ExtResource("2_5ynse")
hframes = 12
vframes = 8
frame = 24
script = ExtResource("3_cbyh0")

[node name="AnimationPlayer" type="AnimationPlayer" parent="HidingEnemySprite"]
root_node = NodePath("../..")
libraries = {
"": SubResource("AnimationLibrary_s7p1p")
}

[node name="HidingEnemyHitbox" type="CollisionShape2D" parent="."]
position = Vector2(1, 0)
shape = SubResource("CapsuleShape2D_5eug2")

[node name="HidingEnemyStateMachine" type="Node" parent="."]
script = ExtResource("3_1rnue")

[node name="HidingEnemyFearState" type="Node" parent="HidingEnemyStateMachine"]
script = ExtResource("4_cee3v")

[node name="HidingEnemyIdleState" type="Node" parent="HidingEnemyStateMachine"]
script = ExtResource("4_s0hil")

[node name="HidingEnemyFleeState" type="Node" parent="HidingEnemyStateMachine"]
script = ExtResource("6_yp3a7")

[node name="HidingEnemySearchState" type="Node" parent="HidingEnemyStateMachine"]
script = ExtResource("7_wb4xq")

[node name="HidingEnemyDeathState" type="Node" parent="HidingEnemyStateMachine"]
script = ExtResource("8_dya8s")

[node name="StateTimer" type="Timer" parent="HidingEnemyStateMachine"]
one_shot = true
